@book{brooks2011handbook,
  title={Handbook of markov chain monte carlo},
  author={Brooks, Steve and Gelman, Andrew and Jones, Galin and Meng, Xiao-Li},
  year={2011},
  publisher={CRC press}
}

@article{wong2023fast,
  title={Fast gravitational wave parameter estimation without compromises},
  author={Wong, Kaze WK and Isi, Maximiliano and Edwards, Thomas DP},
  journal={arXiv preprint arXiv:2302.05333},
  year={2023}
}

@software{jax2018github,
  author = {James Bradbury and Roy Frostig and Peter Hawkins and Matthew James Johnson and Chris Leary and Dougal Maclaurin and George Necula and Adam Paszke and Jake Vander{P}las and Skye Wanderman-{M}ilne and Qiao Zhang},
  title = {{JAX}: composable transformations of {P}ython+{N}um{P}y programs},
  url = {http://github.com/google/jax},
  version = {0.3.13},
  year = {2018},
}

@article{edwards2023ripple,
  title={ripple: Differentiable and Hardware-Accelerated Waveforms for Gravitational Wave Data Analysis},
  author={Edwards, Thomas DP and Wong, Kaze WK and Lam, Kelvin KH and Coogan, Adam and Foreman-Mackey, Daniel and Isi, Maximiliano and Zimmerman, Aaron},
  journal={arXiv preprint arXiv:2302.05329},
  year={2023}
}

@article{zackay2018relative,
  title={Relative binning and fast likelihood evaluation for gravitational wave parameter estimation},
  author={Zackay, Barak and Dai, Liang and Venumadhav, Tejaswi},
  journal={arXiv preprint arXiv:1806.08792},
  year={2018}
}


@article{gabrie2021efficient,
  title={Efficient bayesian sampling using normalizing flows to assist markov chain monte carlo methods},
  author={Gabri{\'e}, Marylou and Rotskoff, Grant M and Vanden-Eijnden, Eric},
  journal={arXiv preprint arXiv:2107.08001},
  year={2021}
}


@article{wong2022flowmc,
  title={flowMC: Normalizing-flow enhanced sampling package for probabilistic inference in Jax},
  author={Wong, Kaze WK and Gabri{\'e}, Marylou and Foreman-Mackey, Daniel},
  journal={arXiv preprint arXiv:2211.06397},
  year={2022}
}


@article{piras2023cosmopower,
  title={CosmoPower-JAX: high-dimensional Bayesian inference with differentiable cosmological emulators},
  author={Piras, Davide and Mancini, A Spurio},
  journal={arXiv preprint arXiv:2305.06347},
  year={2023}
}


@software{flax2020github,
  author = {Jonathan Heek and Anselm Levskaya and Avital Oliver and Marvin Ritter and Bertrand Rondepierre and Andreas Steiner and Marc van {Z}ee},
  title = {{F}lax: A neural network library and ecosystem for {JAX}},
  url = {http://github.com/google/flax},
  version = {0.7.5},
  year = {2023},
}

@article{pang2022nmma,
  title={NMMA: A nuclear-physics and multi-messenger astrophysics framework to analyze binary neutron star mergers},
  author={Pang, Peter TH and Dietrich, Tim and Coughlin, Michael W and Bulla, Mattia and Tews, Ingo and Almualla, Mouza and Barna, Tyler and Kiendrebeogo, Weizmann and Kunert, Nina and Mansingh, Gargi and others},
  journal={arXiv preprint arXiv:2205.08513},
  year={2022}
}
