@article{frostig2018compiling,
  title={Compiling machine learning programs via high-level tracing},
  author={Frostig, Roy and Johnson, Matthew James and Leary, Chris},
  journal={Systems for Machine Learning},
  volume={4},
  number={9},
  year={2018},
  publisher={SysML},
  note={Available at: \url{https://github.com/google/jax}},
}

@article{Pang:2022rzc,
    author = "Pang, Peter T. H. and others",
    title = "{An updated nuclear-physics and multi-messenger astrophysics framework for binary neutron star mergers}",
    eprint = "2205.08513",
    archivePrefix = "arXiv",
    primaryClass = "astro-ph.HE",
    reportNumber = "LA-UR-22-23872, LIGO-P2200150",
    doi = "10.1038/s41467-023-43932-6",
    journal = "Nature Commun.",
    volume = "14",
    number = "1",
    pages = "8352",
    year = "2023",
    note = {{A}vailable at \url{https://github.com/nuclear-multimessenger-astronomy/nmma}}
}

@article{Margueron:2017eqc,
    author = "Margueron, J\'er\^ome and Hoffmann Casali, Rudiney and Gulminelli, Francesca",
    title = "{Equation of state for dense nucleonic matter from metamodeling. I. Foundational aspects}",
    eprint = "1708.06894",
    archivePrefix = "arXiv",
    primaryClass = "nucl-th",
    reportNumber = "INT-PUB-17-029",
    doi = "10.1103/PhysRevC.97.025805",
    journal = "Phys. Rev. C",
    volume = "97",
    number = "2",
    pages = "025805",
    year = "2018"
}

@article{Margueron:2017lup,
    author = "Margueron, J\'er\^ome and Hoffmann Casali, Rudiney and Gulminelli, Francesca",
    title = "{Equation of state for dense nucleonic matter from metamodeling. II. Predictions for neutron star properties}",
    eprint = "1708.06895",
    archivePrefix = "arXiv",
    primaryClass = "nucl-th",
    reportNumber = "INT-PUB-17-030",
    doi = "10.1103/PhysRevC.97.025806",
    journal = "Phys. Rev. C",
    volume = "97",
    number = "2",
    pages = "025806",
    year = "2018"
}


@article{Gabrie:2021tlu,
    author = "Gabri\'e, Marylou and Rotskoff, Grant M. and Vanden-Eijnden, Eric",
    title = "{Adaptive Monte Carlo augmented with normalizing flows}",
    eprint = "2105.12603",
    archivePrefix = "arXiv",
    primaryClass = "physics.data-an",
    doi = "10.1073/pnas.2109420119",
    journal = "Proc. Nat. Acad. Sci.",
    volume = "119",
    number = "10",
    pages = "e2109420119",
    year = "2022"
}

@article{Wong:2022xvh,
    author = "Wong, Kaze W. k. and Gabri\'e, Marylou and Foreman-Mackey, Daniel",
    title = "{flowMC: Normalizing flow enhanced sampling package for probabilistic inference in JAX}",
    eprint = "2211.06397",
    archivePrefix = "arXiv",
    primaryClass = "astro-ph.IM",
    doi = "10.21105/joss.05021",
    journal = "J. Open Source Softw.",
    volume = "8",
    number = "83",
    pages = "5021",
    year = "2023"
}

@article{Somasundaram:2021clp,
    author = "Somasundaram, Rahul and Tews, Ingo and Margueron, J\'er\^ome",
    title = "{Investigating signatures of phase transitions in neutron-star cores}",
    eprint = "2112.08157",
    archivePrefix = "arXiv",
    primaryClass = "nucl-th",
    reportNumber = "LA-UR-21-22340",
    doi = "10.1103/PhysRevC.107.025801",
    journal = "Phys. Rev. C",
    volume = "107",
    number = "2",
    pages = "025801",
    year = "2023"
}

@article{Koehn:2024set,
    author = "Koehn, Hauke and others",
    title = "{From existing and new nuclear and astrophysical constraints to stringent limits on the equation of state of neutron-rich dense matter}",
    eprint = "2402.04172",
    archivePrefix = "arXiv",
    primaryClass = "astro-ph.HE",
    reportNumber = "LA-UR-24-20420",
    month = "2",
    year = "2024"
}

@article{Biswas:2020puz,
    author = "Biswas, Bhaskar and Char, Prasanta and Nandi, Rana and Bose, Sukanta",
    title = "{Towards mitigation of apparent tension between nuclear physics and astrophysical observations by improved modeling of neutron star matter}",
    eprint = "2008.01582",
    archivePrefix = "arXiv",
    primaryClass = "astro-ph.HE",
    reportNumber = "LIGO Preprint number LIGO-P2000221",
    doi = "10.1103/PhysRevD.103.103015",
    journal = "Phys. Rev. D",
    volume = "103",
    number = "10",
    pages = "103015",
    year = "2021"
}

@article{Wouters:2025zju,
    author = "Wouters, Thibeau and Pang, Peter T. H. and Koehn, Hauke and Rose, Henrik and Somasundaram, Rahul and Tews, Ingo and Dietrich, Tim and Van Den Broeck, Chris",
    title = "{Leveraging differentiable programming in the inverse problem of neutron stars}",
    eprint = "2504.15893",
    archivePrefix = "arXiv",
    primaryClass = "astro-ph.HE",
    reportNumber = "LA-UR-25-23486",
    month = "4",
    year = "2025"
}

@article{Wong:2023lgb,
    author = "Wong, Kaze W. K. and Isi, Maximiliano and Edwards, Thomas D. P.",
    title = "{Fast Gravitational-wave Parameter Estimation without Compromises}",
    eprint = "2302.05333",
    archivePrefix = "arXiv",
    primaryClass = "astro-ph.IM",
    doi = "10.3847/1538-4357/acf5cd",
    journal = "Astrophys. J.",
    volume = "958",
    number = "2",
    pages = "129",
    year = "2023"
}

@article{Wouters:2024oxj,
    author = "Wouters, Thibeau and Pang, Peter T. H. and Dietrich, Tim and Van Den Broeck, Chris",
    title = "{Robust parameter estimation within minutes on gravitational wave signals from binary neutron star inspirals}",
    eprint = "2404.11397",
    archivePrefix = "arXiv",
    primaryClass = "astro-ph.IM",
    doi = "10.1103/PhysRevD.110.083033",
    journal = "Phys. Rev. D",
    volume = "110",
    number = "8",
    pages = "083033",
    year = "2024"
}

@article{Koehn:2024set,
    author = "Koehn, Hauke and others",
    title = "{From existing and new nuclear and astrophysical constraints to stringent limits on the equation of state of neutron-rich dense matter}",
    eprint = "2402.04172",
    archivePrefix = "arXiv",
    primaryClass = "astro-ph.HE",
    reportNumber = "LA-UR-24-20420",
    doi = "10.1103/PhysRevX.15.021014",
    journal = "Phys. Rev. X",
    volume = "15",
    number = "2",
    pages = "021014",
    year = "2025"
}

@misc{my_misc_entry,
  author = {Kurzgesagt},
  title = {{Figures taken from ``Neutron Stars - The Most Extreme Things that are not Black Holes''}},
  url = {https://www.youtube.com/watch?v=udFxKZRyQt4}, 
  note = {https://www.youtube.com/watch?v=udFxKZRyQt4}, 
  year = {2019},
  note = {Accessed on May 14, 2025}
}

@misc{Kuifje,
  author = {Herg√©},
  title = {{Cover figure created with ChatGPT using \href{https://miro.medium.com/v2/resize:fit:720/format:webp/1*PLzKr1wldnn67F7ZFM-eQw.jpeg}{this input figure} from the comic \textit{Destination Moon}}},
  url = {https://www.youtube.com/watch?v=udFxKZRyQt4}, 
  note = {https://www.youtube.com/watch?v=udFxKZRyQt4}, 
  year = {2019},
  note = {Accessed on May 14, 2025}
}

@article{Hu:2024mvn,
    author = "Hu, Qian and Veitch, John",
    title = "{Costs of Bayesian Parameter Estimation in Third-Generation Gravitational Wave Detectors: a Review of Acceleration Methods}",
    eprint = "2412.02651",
    archivePrefix = "arXiv",
    primaryClass = "gr-qc",
    reportNumber = "ET-0666A-24",
    month = "12",
    year = "2024"
}

@article{Hu:2024oen,
    author = "Hu, Qian and Irwin, Jessica and Sun, Qi and Messenger, Christopher and Suleiman, Lami and Heng, Ik Siong and Veitch, John",
    title = "{Decoding Long-duration Gravitational Waves from Binary Neutron Stars with Machine Learning: Parameter Estimation and Equations of State}",
    eprint = "2412.03454",
    archivePrefix = "arXiv",
    primaryClass = "gr-qc",
    reportNumber = "LIGO-P2400567, ET-0666B-24",
    month = "12",
    year = "2024"
}

@article{Dax:2024mcn,
    author = {Dax, Maximilian and Green, Stephen R. and Gair, Jonathan and Gupte, Nihar and P\"urrer, Michael and Raymond, Vivien and Wildberger, Jonas and Macke, Jakob H. and Buonanno, Alessandra and Sch\"olkopf, Bernhard},
    title = "{Real-time inference for binary neutron star mergers using machine learning}",
    eprint = "2407.09602",
    archivePrefix = "arXiv",
    primaryClass = "gr-qc",
    reportNumber = "LIGO-P2400294",
    doi = "10.1038/s41586-025-08593-z",
    journal = "Nature",
    volume = "639",
    number = "8053",
    pages = "49--53",
    year = "2025"
}

@article{Bhardwaj:2023xph,
    author = "Bhardwaj, Uddipta and Alvey, James and Miller, Benjamin Kurt and Nissanke, Samaya and Weniger, Christoph",
    title = "{Sequential simulation-based inference for gravitational wave signals}",
    eprint = "2304.02035",
    archivePrefix = "arXiv",
    primaryClass = "gr-qc",
    doi = "10.1103/PhysRevD.108.042004",
    journal = "Phys. Rev. D",
    volume = "108",
    number = "4",
    pages = "042004",
    year = "2023"
}

@article{Wong:2022xvh,
    author = "Wong, Kaze W. k. and Gabri\'e, Marylou and Foreman-Mackey, Daniel",
    title = "{flowMC: Normalizing flow enhanced sampling package for probabilistic inference in JAX}",
    eprint = "2211.06397",
    archivePrefix = "arXiv",
    primaryClass = "astro-ph.IM",
    doi = "10.21105/joss.05021",
    journal = "J. Open Source Softw.",
    volume = "8",
    number = "83",
    pages = "5021",
    year = "2023"
}

@article{Gabrie:2021tlu,
    author = "Gabri\'e, Marylou and Rotskoff, Grant M. and Vanden-Eijnden, Eric",
    title = "{Adaptive Monte Carlo augmented with normalizing flows}",
    eprint = "2105.12603",
    archivePrefix = "arXiv",
    primaryClass = "physics.data-an",
    doi = "10.1073/pnas.2109420119",
    journal = "Proc. Nat. Acad. Sci.",
    volume = "119",
    number = "10",
    pages = "e2109420119",
    year = "2022"
}

@article{Edwards:2023sak,
    author = "Edwards, Thomas D. P. and Wong, Kaze W. K. and Lam, Kelvin K. H. and Coogan, Adam and Foreman-Mackey, Daniel and Isi, Maximiliano and Zimmerman, Aaron",
    title = "{Differentiable and hardware-accelerated waveforms for gravitational wave data analysis}",
    eprint = "2302.05329",
    archivePrefix = "arXiv",
    primaryClass = "astro-ph.IM",
    doi = "10.1103/PhysRevD.110.064028",
    journal = "Phys. Rev. D",
    volume = "110",
    number = "6",
    pages = "064028",
    year = "2024"
}

@article{Ryan:2019fhz,
    author = "Ryan, Geoffrey and van Eerten, Hendrik and Piro, Luigi and Troja, Eleonora",
    title = "{Gamma-Ray Burst Afterglows in the Multimessenger Era: Numerical Models and Closure Relations}",
    eprint = "1909.11691",
    archivePrefix = "arXiv",
    primaryClass = "astro-ph.HE",
    doi = "10.3847/1538-4357/ab93cf",
    journal = "Astrophys. J.",
    volume = "896",
    number = "2",
    pages = "166",
    year = "2020"
}

@article{Bulla:2019muo,
    author = "Bulla, Mattia",
    title = "{POSSIS: predicting spectra, light curves and polarization for multi-dimensional models of supernovae and kilonovae}",
    eprint = "1906.04205",
    archivePrefix = "arXiv",
    primaryClass = "astro-ph.HE",
    doi = "10.1093/mnras/stz2495",
    journal = "Mon. Not. Roy. Astron. Soc.",
    volume = "489",
    number = "4",
    pages = "5037--5045",
    year = "2019"
}

@article{Abac:2025saz,
    author = "Abac, Adrian and others",
    title = "{The Science of the Einstein Telescope}",
    eprint = "2503.12263",
    archivePrefix = "arXiv",
    primaryClass = "gr-qc",
    reportNumber = "ET-0036C-25",
    month = "3",
    year = "2025"
}

@misc{mcewen2023machinelearningassistedbayesian,
      title={Machine learning assisted Bayesian model comparison: learnt harmonic mean estimator}, 
      author={Jason D. McEwen and Christopher G. R. Wallis and Matthew A. Price and Alessio Spurio Mancini},
      year={2023},
      eprint={2111.12720},
      archivePrefix={arXiv},
      primaryClass={stat.ME},
      url={https://arxiv.org/abs/2111.12720}, 
}

@misc{polanska2024learnedharmonicmeanestimation,
      title={Learned harmonic mean estimation of the marginal likelihood with normalizing flows}, 
      author={Alicja Polanska and Matthew A. Price and Alessio Spurio Mancini and Jason D. McEwen},
      year={2024},
      eprint={2307.00048},
      archivePrefix={arXiv},
      primaryClass={stat.ME},
      url={https://arxiv.org/abs/2307.00048}, 
}

@inproceedings{Polanska:2024zpn,
    author = "Polanska, Alicja and Wouters, Thibeau and Pang, Peter T. H. and Wong, Kaze K. W. and McEwen, Jason D.",
    title = "{Accelerated Bayesian parameter estimation and model selection for gravitational waves with normalizing flows}",
    booktitle = "{38th conference on Neural Information Processing Systems}",
    eprint = "2410.21076",
    archivePrefix = "arXiv",
    primaryClass = "astro-ph.IM",
    month = "10",
    year = "2024"
}

@article{Nedora:2024vrv,
    author = "Nedora, Vsevolod and Menegazzi, Ludovica Crosato and Peretti, Enrico and Dietrich, Tim and Shibata, Masaru",
    title = "{Multi-physics framework for fast modeling of gamma-ray burst afterglows}",
    eprint = "2409.16852",
    archivePrefix = "arXiv",
    primaryClass = "astro-ph.HE",
    month = "9",
    year = "2024"
}

@article{Pang:2022rzc,
    author = "Pang, Peter T. H. and others",
    title = "{An updated nuclear-physics and multi-messenger astrophysics framework for binary neutron star mergers}",
    eprint = "2205.08513",
    archivePrefix = "arXiv",
    primaryClass = "astro-ph.HE",
    reportNumber = "LA-UR-22-23872, LIGO-P2200150",
    doi = "10.1038/s41467-023-43932-6",
    journal = "Nature Commun.",
    volume = "14",
    number = "1",
    pages = "8352",
    year = "2023"
}

@article{Langendorff:2022fzq,
    author = "Langendorff, Jurriaan and Kolmus, Alex and Janquart, Justin and Van Den Broeck, Chris",
    title = "{Normalizing Flows as an Avenue to Studying Overlapping Gravitational Wave Signals}",
    eprint = "2211.15097",
    archivePrefix = "arXiv",
    primaryClass = "gr-qc",
    doi = "10.1103/PhysRevLett.130.171402",
    journal = "Phys. Rev. Lett.",
    volume = "130",
    number = "17",
    pages = "171402",
    year = "2023"
}

@article{Santoliquido:2025lot,
    author = "Santoliquido, Filippo and others",
    title = "{Fast and accurate parameter estimation of high-redshift sources with the Einstein Telescope}",
    eprint = "2504.21087",
    archivePrefix = "arXiv",
    primaryClass = "astro-ph.HE",
    month = "4",
    year = "2025"
}

@article{Williams:2021qyt,
    author = "Williams, Michael J. and Veitch, John and Messenger, Chris",
    title = "{Nested sampling with normalizing flows for gravitational-wave inference}",
    eprint = "2102.11056",
    archivePrefix = "arXiv",
    primaryClass = "gr-qc",
    doi = "10.1103/PhysRevD.103.103006",
    journal = "Phys. Rev. D",
    volume = "103",
    number = "10",
    pages = "103006",
    year = "2021"
}

@article{Williams:2023ppp,
    author = "Williams, Michael J. and Veitch, John and Messenger, Chris",
    title = "{Importance nested sampling with normalising flows}",
    eprint = "2302.08526",
    archivePrefix = "arXiv",
    primaryClass = "astro-ph.IM",
    reportNumber = "LIGO-P2200283",
    doi = "10.1088/2632-2153/acd5aa",
    journal = "Mach. Learn. Sci. Tech.",
    volume = "4",
    number = "3",
    pages = "035011",
    year = "2023"
}