@article{Koehn:2024set,
    author = "Koehn, Hauke and others",
    title = "{An overview of existing and new nuclear and astrophysical constraints on the equation of state of neutron-rich dense matter}",
    eprint = "2402.04172",
    archivePrefix = "arXiv",
    primaryClass = "astro-ph.HE",
    reportNumber = "LA-UR-24-20420",
    month = "2",
    year = "2024"
}


@article{Breu:2016ufb,
    author = "Breu, Cosima and Rezzolla, Luciano",
    title = "{Maximum mass, moment of inertia and compactness of relativistic stars}",
    eprint = "1601.06083",
    archivePrefix = "arXiv",
    primaryClass = "gr-qc",
    doi = "10.1093/mnras/stw575",
    journal = "Mon. Not. Roy. Astron. Soc.",
    volume = "459",
    number = "1",
    pages = "646--656",
    year = "2016"
}

@article{LIGOScientific:2024elc,
    collaboration = "LIGO Scientific, VIRGO, KAGRA",
    title = "{Observation of Gravitational Waves from the Coalescence of a $2.5-4.5~M_\odot$ Compact Object and a Neutron Star}",
    eprint = "2404.04248",
    archivePrefix = "arXiv",
    primaryClass = "astro-ph.HE",
    reportNumber = "LIGO-P2300352",
    month = "4",
    year = "2024"
}

@article{Barr:2024wwl,
    author = "Barr, Ewan D. and others",
    title = "{A pulsar in a binary with a compact object in the mass gap between neutron stars and black holes}",
    eprint = "2401.09872",
    archivePrefix = "arXiv",
    primaryClass = "astro-ph.HE",
    doi = "10.1126/science.adg3005",
    journal = "Science",
    volume = "383",
    number = "6680",
    pages = "275--279",
    year = "2024"
}


@article{Riley:2019yda,
    author = "Riley, Thomas E. and others",
    title = "{A $NICER$ View of PSR J0030+0451: Millisecond Pulsar Parameter Estimation}",
    eprint = "1912.05702",
    archivePrefix = "arXiv",
    primaryClass = "astro-ph.HE",
    doi = "10.3847/2041-8213/ab481c",
    journal = "Astrophys. J. Lett.",
    volume = "887",
    number = "1",
    pages = "L21",
    year = "2019"
}


@article{Vinciguerra:2023qxq,
    author = "Vinciguerra, Serena and others",
    title = "{An Updated Mass\textendash{}Radius Analysis of the 2017\textendash{}2018 NICER Data Set of PSR J0030+0451}",
    eprint = "2308.09469",
    archivePrefix = "arXiv",
    primaryClass = "astro-ph.HE",
    doi = "10.3847/1538-4357/acfb83",
    journal = "Astrophys. J.",
    volume = "961",
    number = "1",
    pages = "62",
    year = "2024"
}


@article{CREX:2022kgg,
    author = "Adhikari, D. and others",
    collaboration = "CREX",
    title = "{Precision Determination of the Neutral Weak Form Factor of Ca48}",
    eprint = "2205.11593",
    archivePrefix = "arXiv",
    primaryClass = "nucl-ex",
    doi = "10.1103/PhysRevLett.129.042501",
    journal = "Phys. Rev. Lett.",
    volume = "129",
    number = "4",
    pages = "042501",
    year = "2022"
}


@article{PREX:2021umo,
    author = "Adhikari, D. and others",
    collaboration = "PREX",
    title = "{Accurate Determination of the Neutron Skin Thickness of $^{208}$Pb through Parity-Violation in Electron Scattering}",
    eprint = "2102.10767",
    archivePrefix = "arXiv",
    primaryClass = "nucl-ex",
    reportNumber = "JLAB-PHY-21-3420",
    doi = "10.1103/PhysRevLett.126.172502",
    journal = "Phys. Rev. Lett.",
    volume = "126",
    number = "17",
    pages = "172502",
    year = "2021"
}


@article{Tamii:2011pv,
    author = "Tamii, A. and others",
    title = "{Complete electric dipole response and the neutron skin in 208Pb}",
    eprint = "1104.5431",
    archivePrefix = "arXiv",
    primaryClass = "nucl-ex",
    doi = "10.1103/PhysRevLett.107.062502",
    journal = "Phys. Rev. Lett.",
    volume = "107",
    pages = "062502",
    year = "2011"
}

@article{Pang:2022rzc,
    author = "Pang, Peter T. H. and others",
    title = "{An updated nuclear-physics and multi-messenger astrophysics framework for binary neutron star mergers}",
    eprint = "2205.08513",
    archivePrefix = "arXiv",
    primaryClass = "astro-ph.HE",
    reportNumber = "LA-UR-22-23872, LIGO-P2200150",
    doi = "10.1038/s41467-023-43932-6",
    journal = "Nature Commun.",
    volume = "14",
    number = "1",
    pages = "8352",
    year = "2023"
}