@article{frostig2018compiling,
  title={Compiling machine learning programs via high-level tracing},
  author={Frostig, Roy and Johnson, Matthew James and Leary, Chris},
  journal={Systems for Machine Learning},
  volume={4},
  number={9},
  year={2018},
  publisher={SysML},
  note={Available at: \url{https://github.com/google/jax}},
}

@article{Pang:2022rzc,
    author = "Pang, Peter T. H. and others",
    title = "{An updated nuclear-physics and multi-messenger astrophysics framework for binary neutron star mergers}",
    eprint = "2205.08513",
    archivePrefix = "arXiv",
    primaryClass = "astro-ph.HE",
    reportNumber = "LA-UR-22-23872, LIGO-P2200150",
    doi = "10.1038/s41467-023-43932-6",
    journal = "Nature Commun.",
    volume = "14",
    number = "1",
    pages = "8352",
    year = "2023",
    note = {{A}vailable at \url{https://github.com/nuclear-multimessenger-astronomy/nmma}}
}

@article{Margueron:2017eqc,
    author = "Margueron, J\'er\^ome and Hoffmann Casali, Rudiney and Gulminelli, Francesca",
    title = "{Equation of state for dense nucleonic matter from metamodeling. I. Foundational aspects}",
    eprint = "1708.06894",
    archivePrefix = "arXiv",
    primaryClass = "nucl-th",
    reportNumber = "INT-PUB-17-029",
    doi = "10.1103/PhysRevC.97.025805",
    journal = "Phys. Rev. C",
    volume = "97",
    number = "2",
    pages = "025805",
    year = "2018"
}

@article{Margueron:2017lup,
    author = "Margueron, J\'er\^ome and Hoffmann Casali, Rudiney and Gulminelli, Francesca",
    title = "{Equation of state for dense nucleonic matter from metamodeling. II. Predictions for neutron star properties}",
    eprint = "1708.06895",
    archivePrefix = "arXiv",
    primaryClass = "nucl-th",
    reportNumber = "INT-PUB-17-030",
    doi = "10.1103/PhysRevC.97.025806",
    journal = "Phys. Rev. C",
    volume = "97",
    number = "2",
    pages = "025806",
    year = "2018"
}


@article{Gabrie:2021tlu,
    author = "Gabri\'e, Marylou and Rotskoff, Grant M. and Vanden-Eijnden, Eric",
    title = "{Adaptive Monte Carlo augmented with normalizing flows}",
    eprint = "2105.12603",
    archivePrefix = "arXiv",
    primaryClass = "physics.data-an",
    doi = "10.1073/pnas.2109420119",
    journal = "Proc. Nat. Acad. Sci.",
    volume = "119",
    number = "10",
    pages = "e2109420119",
    year = "2022"
}

@article{Wong:2022xvh,
    author = "Wong, Kaze W. k. and Gabri\'e, Marylou and Foreman-Mackey, Daniel",
    title = "{flowMC: Normalizing flow enhanced sampling package for probabilistic inference in JAX}",
    eprint = "2211.06397",
    archivePrefix = "arXiv",
    primaryClass = "astro-ph.IM",
    doi = "10.21105/joss.05021",
    journal = "J. Open Source Softw.",
    volume = "8",
    number = "83",
    pages = "5021",
    year = "2023"
}

@article{Somasundaram:2021clp,
    author = "Somasundaram, Rahul and Tews, Ingo and Margueron, J\'er\^ome",
    title = "{Investigating signatures of phase transitions in neutron-star cores}",
    eprint = "2112.08157",
    archivePrefix = "arXiv",
    primaryClass = "nucl-th",
    reportNumber = "LA-UR-21-22340",
    doi = "10.1103/PhysRevC.107.025801",
    journal = "Phys. Rev. C",
    volume = "107",
    number = "2",
    pages = "025801",
    year = "2023"
}

@article{Koehn:2024set,
    author = "Koehn, Hauke and others",
    title = "{From existing and new nuclear and astrophysical constraints to stringent limits on the equation of state of neutron-rich dense matter}",
    eprint = "2402.04172",
    archivePrefix = "arXiv",
    primaryClass = "astro-ph.HE",
    reportNumber = "LA-UR-24-20420",
    month = "2",
    year = "2024"
}