@article{Metzger:2019zeh,
    author = "Metzger, Brian D.",
    title = "{Kilonovae}",
    eprint = "1910.01617",
    archivePrefix = "arXiv",
    primaryClass = "astro-ph.HE",
    doi = "10.1007/s41114-019-0024-0",
    journal = "Living Rev. Rel.",
    volume = "23",
    number = "1",
    pages = "1",
    year = "2020"
}

@article{Bulla:2019muo,
    author = "Bulla, Mattia",
    title = "{POSSIS: predicting spectra, light curves and polarization for multi-dimensional models of supernovae and kilonovae}",
    eprint = "1906.04205",
    archivePrefix = "arXiv",
    primaryClass = "astro-ph.HE",
    doi = "10.1093/mnras/stz2495",
    journal = "Mon. Not. Roy. Astron. Soc.",
    volume = "489",
    number = "4",
    pages = "5037--5045",
    year = "2019"
}

@article{Pang:2022rzc,
    author = "Pang, Peter T. H. and others",
    title = "{An updated nuclear-physics and multi-messenger astrophysics framework for binary neutron star mergers}",
    eprint = "2205.08513",
    archivePrefix = "arXiv",
    primaryClass = "astro-ph.HE",
    reportNumber = "LA-UR-22-23872, LIGO-P2200150",
    doi = "10.1038/s41467-023-43932-6",
    journal = "Nature Commun.",
    volume = "14",
    number = "1",
    pages = "8352",
    year = "2023"
}