@article{GW170817_properties,
  title = {Properties of the Binary Neutron Star Merger GW170817},
  author = {Abbott, B. P. and Abbott, R. and Abbott, T. D. and Acernese, F.},
  collaboration = {LIGO Scientific Collaboration and Virgo Collaboration},
  journal = {Phys. Rev. X},
  volume = {9},
  issue = {1},
  pages = {011001},
  numpages = {32},
  year = {2019},
  month = {Jan},
  publisher = {American Physical Society},
  doi = {10.1103/PhysRevX.9.011001},
  url = {https://link.aps.org/doi/10.1103/PhysRevX.9.011001}
}

@article{Maggiore:2019uih,
    author = "Maggiore, Michele and others",
    title = "{Science Case for the Einstein Telescope}",
    eprint = "1912.02622",
    archivePrefix = "arXiv",
    primaryClass = "astro-ph.CO",
    doi = "10.1088/1475-7516/2020/03/050",
    journal = "JCAP",
    volume = "03",
    pages = "050",
    year = "2020"
}

@article{Tsang:2019esi,
    author = "Tsang, Ka Wa and Dietrich, Tim and Van Den Broeck, Chris",
    title = "{Modeling the postmerger gravitational wave signal and extracting binary properties from future binary neutron star detections}",
    eprint = "1907.02424",
    archivePrefix = "arXiv",
    primaryClass = "gr-qc",
    doi = "10.1103/PhysRevD.100.044047",
    journal = "Phys. Rev. D",
    volume = "100",
    number = "4",
    pages = "044047",
    year = "2019"
}

@article{Fields_2023,
   title={Thermal Effects in Binary Neutron Star Mergers},
   volume={952},
   ISSN={2041-8213},
   url={http://dx.doi.org/10.3847/2041-8213/ace5b2},
   DOI={10.3847/2041-8213/ace5b2},
   number={2},
   journal={The Astrophysical Journal Letters},
   publisher={American Astronomical Society},
   author={Fields, Jacob and Prakash, Aviral and Breschi, Matteo and Radice, David and Bernuzzi, Sebastiano and Schneider, Andr√© da Silva},
   year={2023},
   month=jul, pages={L36} }

@misc{breschi2022kilohertz,
      title={Kilohertz Gravitational Waves From Binary Neutron Star Mergers: Numerical-relativity Informed Postmerger Model}, 
      author={Matteo Breschi and Sebastiano Bernuzzi and Kabir Chakravarti and Alessandro Camilletti and Aviral Prakash and Albino Perego},
      year={2022},
      eprint={2205.09112},
      archivePrefix={arXiv},
      primaryClass={gr-qc}
}