@article{wong2023fast,
  title={Fast gravitational wave parameter estimation without compromises},
  author={Wong, Kaze WK and Isi, Maximiliano and Edwards, Thomas DP},
  journal={arXiv preprint arXiv:2302.05333},
  note = {Available at: \url{https://github.com/kazewong/jim}},
  year={2023}
}

@article{edwards2023ripple,
  title={\textsc{ripple}: Differentiable and Hardware-Accelerated Waveforms for Gravitational Wave Data Analysis},
  author={Edwards, Thomas DP and Wong, Kaze WK and Lam, Kelvin KH and Coogan, Adam and Foreman-Mackey, Daniel and Isi, Maximiliano and Zimmerman, Aaron},
  journal={arXiv preprint arXiv:2302.05329},
  year={2023},
  note = {Available at: \url{https://github.com/tedwards2412/ripple/}}
}


@article{gabrie2021efficient,
  title={Efficient bayesian sampling using normalizing flows to assist markov chain monte carlo methods},
  author={Gabri{\'e}, Marylou and Rotskoff, Grant M and Vanden-Eijnden, Eric},
  journal={arXiv preprint arXiv:2107.08001},
  year={2021}
}


@article{wong2022flowmc,
  title={\textsc{flowMC}: Normalizing-flow enhanced sampling package for probabilistic inference in Jax},
  author={Wong, Kaze WK and Gabri{\'e}, Marylou and Foreman-Mackey, Daniel},
  journal={arXiv preprint arXiv:2211.06397},
  note={Available at: \url{https://github.com/kazewong/flowMC}},
  year={2022}
}


@article{frostig2018compiling,
  title={Compiling machine learning programs via high-level tracing},
  author={Frostig, Roy and Johnson, Matthew James and Leary, Chris},
  journal={Systems for Machine Learning},
  volume={4},
  number={9},
  year={2018},
  publisher={SysML},
  note={Available at: \url{https://github.com/google/jax}},
}
@article{Zackay:2018qdy,
    author = "Zackay, Barak and Dai, Liang and Venumadhav, Tejaswi",
    title = "{Relative Binning and Fast Likelihood Evaluation for Gravitational Wave Parameter Estimation}",
    eprint = "1806.08792",
    archivePrefix = "arXiv",
    primaryClass = "astro-ph.IM",
    month = "6",
    year = "2018",
}

@misc{kidger2021equinox,
      title={\textsc{Equinox}: neural networks in JAX via callable PyTrees and filtered transformations}, 
      author={Patrick Kidger and Cristian Garcia},
      year={2021},
      eprint={2111.00254},
      archivePrefix={arXiv},
      primaryClass={cs.LG},
      note={Available at: \url{https://github.com/patrick-kidger/equinox}},
}